@book{K10,
  title={Theoretical Statistics},
  author={Keener, Robert W},
  year={2010},
  publisher={Springer}
}

@article{R97,
  title={A convexity principle for interacting gases},
  author={McCann, Robert J},
  journal={Advances in Mathematics},
  volume={128},
  number={1},
  pages={153--179},
  year={1997},
  publisher={Elsevier}
}

@article{D24,
  title={Shape-Constrained Statistical Inference},
  author={D{\"u}mbgen, Lutz},
  journal={Annual Review of Statistics and Its Application},
  volume={11},
  year={2024},
  publisher={Annual Reviews}
}

@article{G56,
  title={On the theory of mortality measurement: part ii},
  author={Grenander, Ulf},
  journal={Scandinavian Actuarial Journal},
  volume={1956},
  number={2},
  pages={125--153},
  year={1956},
  publisher={Taylor \& Francis}
}

@book{S15,
	title={Optimal Transport for Applied Mathematicians},
	author={Santambrogio, Filippo},
	year={2015},
	publisher={Birk{\"a}user}
}

@book{R70,
  title={Convex Analysis},
  author={Rockafellar, R Tyrrell},
  year={1970},
  publisher={Princeton University Press}
}

@book{PZ20,
  title={An Invitation to Statistics in Wasserstein Space},
  author={Panaretos, Victor M and Zemel, Yoav},
  year={2020},
  publisher={Springer}
}

@article{AM22,
  title={{W}asserstein statistics in one-dimensional location scale models},
  author={Amari, Shun-ichi and Matsuda, Takeru},
  journal={Annals of the Institute of Statistical Mathematics},
  volume={74},
  number={1},
  pages={33--47},
  year={2022},
  publisher={Springer}
}





