@article{G56,
  title={On the theory of mortality measurement: part ii},
  author={Grenander, Ulf},
  journal={Scandinavian Actuarial Journal},
  volume={1956},
  number={2},
  pages={125--153},
  year={1956},
  publisher={Taylor \& Francis}
}
@book{BL19,
  title     = {One-Dimensional Empirical Measures, Order Statistics, and Kantorovich Transport Distances},
  author    = {Bobkov, Sergey and Ledoux, Michel},
  series    = {Memoirs of the American Mathematical Society},
  volume    = {261},
  number    = {1259},
  publisher = {American Mathematical Society},
  address   = {Providence, RI},
  year      = {2019},
  isbn      = {9781470436506},
  url       = {https://doi.org/10.1090/memo/1259}
}
@inbook{carmona_delarue_2018_mfg_I,
  author       = {Ren\'{e} Carmona and Fran\c{c}ois Delarue},
  title        = {Probabilistic Theory of Mean Field Games with Applications I: Mean Field FBSDEs, Control, and Games},
  booktitle    = {Probability Theory and Stochastic Modelling},
  series       = {Probability Theory and Stochastic Modelling},
  volume       = {83},
  publisher    = {Springer Nature},
  address      = {United States},
  year         = {2018},
  pages        = {1--695},
}

