@article{Chickenchicken2025,
  author = {Chicken C. Chicken},
  title = {A Chicken Chicken of Chicken Chicken},
  journal = {Chicken Chicken Journal},
  year = 2025,
  volume = {01},
  number = {1},
  pages = {100-200},
}
